%% Journal article
%% Journal article

@article{bib1,
  title="A survey on objective evaluation of image sharpness",
  author="Zhu, Mengqiu and Yu, Lingjie and Wang, Zongbiao and Ke, Zhenxia and Zhi, Chao",
  journal="Applied Sciences",
  volume="13",
  number="4",
  pages="2652",
  year="2023",
  publisher="MDPI",
  doi="https://doi.org/10.3390/app13042652"
}

@inproceedings{bib2,
  title="Method for measuring stereo camera depth accuracy based on stereoscopic vision",
  author="Kyt{\"o}, Mikko and Nuutinen, Mikko and Oittinen, Pirkko",
  booktitle="Three-Dimensional Imaging, Interaction, and Measurement",
  volume="7864",
  pages="168--176",
  year="2011",
  organization="SPIE",
  doi="https://doi.org/10.1117/12.872015"
}
@article{bib3,
  title="Literature survey on stereo vision disparity map algorithms",
  author="Hamzah, Rostam Affendi and Ibrahim, Haidi",
  journal="Journal of Sensors",
  volume="2016",
  year="2016",
  publisher="Hindawi",
  doi="https://doi.org/10.1155/2016/8742920"
}


@article{bib4,
  title="Depth extraction method based on the regional feature points in integral imaging",
  author="Chen, Yujiao and Wang, Xiaorui and Zhang, Qiping",
  journal="Optik",
  volume="127",
  number="2",
  pages="763--768",
  year="2016",
  publisher="Elsevier",
  issn = "0030-4026",
  doi = "https://doi.org/10.1016/j.ijleo.2015.10.171",
  url = "https://www.sciencedirect.com/science/article/pii/S0030402615015399"
}
@article{bib5,
  title="A real-time stereo vision system for distance measurement and underwater image restoration",
  author="S{\'a}nchez-Ferreira, Camilo and Mori, Jones Y and Farias, Myl{\`e}ne CQ and Llanos, Carlos H",
  journal="Journal of the Brazilian Society of Mechanical Sciences and Engineering",
  volume="38",
  number="7",
  pages="2039--2049",
  year="2016",
  publisher="Springer",
  doi="https://doi.org/10.1007/s40430-016-0596-5"
}
@inproceedings{bib6,
  title="Development of monocular vision system for depth estimation in mobile robot—Robot soccer",
  author="Wahab, MNA and Sivadev, N and Sundaraj, K",
  booktitle="2011 IEEE Conference on Sustainable Utilization and Development in Engineering and Technology (STUDENT)",
  pages="36--41",
  year="2011",
  organization="IEEE",
  doi="https://doi.org/10.1109/STUDENT.2011.6089321"
}
@inproceedings{bib7,
  title="Depth estimation via stereo vision using Birchfield's algorithm",
  author="Shan-shan, Chen and Wu-heng, Zuo and Zhi-lin, Feng",
  booktitle="2011 IEEE 3rd International Conference on Communication Software and Networks",
  pages="403--407",
  year="2011",
  organization="IEEE",
  doi="https://doi.org/10.1109/ICCSN.2011.6014298"
}
@article{bib8,
  title="Depth range accuracy for plenoptic cameras",
  author="Monteiro, Nuno Barroso and Marto, Simao and Barreto, Joao Pedro and Gaspar, Jos{\'e}",
  journal="Computer Vision and Image Understanding",
  volume="168",
  pages="104--117",
  year="2018",
  publisher="Elsevier",
  doi="https://doi.org/10.1016/j.cviu.2018.01.010"
}
@article{bib9,
  title="Robust depth estimation for light field microscopy",
  author="Palmieri, Luca and Scrofani, Gabriele and Incardona, Nicol{\`o} and Saavedra, Genaro and Mart{\'\i}nez-Corral, Manuel and Koch, Reinhard",
  journal="Sensors",
  volume="19",
  number="3",
  pages="500",
  year="2019",
  publisher="Multidisciplinary Digital Publishing Institute",
  doi="https://doi.org/10.3390/s19030500"
}

@article{bib10,
  title="Depth perception in single rgb camera system using lens aperture and object size: a geometrical approach for depth estimation",
  author="Alphonse, PJA and Sriharsha, KV",
  journal="SN Applied Sciences",
  volume="3",
  number="595",
  pages="1-16",
  year="2021",
  publisher="Springer",
  doi ="https://doi.org/10.1007/s42452-021-04212-4"
}
@article{bib11,
  title = "Focus model for metric depth estimation in standard plenoptic cameras",
  author = "Said Pertuz and Edith Pulido-Herrera and Joni-Kristian Kamarainen",
  journal = "ISPRS Journal of Photogrammetry and Remote Sensing",
  volume = "144",
  pages = "38-47",
  year = "2018",
  publisher="Elsevier",
  issn = "0924-2716",
  doi = "https://doi.org/10.1016/j.isprsjprs.2018.06.020",
 
}
@article{bib12,
  title={Depth perception in single camera system using focus blur and aperture number},
  author={Keshri, Divakar and Sriharsha, KV and Alphonse, PJA},
  journal={Multimedia Tools and Applications},
  volume={82},
  number={26},
  pages={41405--41431},
  year={2023},
  publisher={Springer},
  doi="https://doi.org/10.1007/s11042-023-14528-5"
}

@article{bib13,
  
  title="Reduced Tenegrad Focus Measure for Performance Improvement of Astronomical Images", 
  author="Helmy, Islam and Choi, Wooyeol",
  journal="Applied Sciences",
  year={2022},
  pages="1-4",
  doi="10.1109/ICEIC54506.2022.9748216"
}


@article{bib14,
title="Unconstrained human gaze estimation approach for medium-distance scene based on monocular vision", 
  author="Aolei Yang and Zhouding Jin and Shuai Guo and Dakui Wu and Ling Chen",
  journal=" The Visual Computer ",
  volume = "40",
  pages="73-85",
  year={2024},
  doi="10.1007/s00371-022-02766-x"
}
@article{bib15,
title="Embedded 3D reconstruction of dynamic objects in real time
for maritime situational awareness pictures", 
  author="Felix Sattler, Borja Carrillo-Perez, Sarah Barnes & Maurice Stephan",
  journal=" The Visual Computer ",
  volume = "40",
  pages="571–584",
  year={2024},
  doi="10.1007/s00371-023-02802-4"
}
@article{bib16,
title="Image depth estimation assisted by multi-view projection", 
  author="Liman Liu and Jinshan Tian and Guansheng Luo and Huaifei Hu and Siyuan Xu and Chen Zhang and Wenbing Tao",
  journal="Complex \& Intelligent Systems",
  volume = "11",
  pages="66",
  year={2024},
  doi="10.1007/s40747-024-01688-6"
}
@misc{bib17,
  author       = {Divakar Keshri},
  title        = {Parabolic Depth Estimation from Image Blur
Using Tenengrad Score in Single RGB
Cameras},
  year         = {2025},
  howpublished = {\url{https://github.com/keshri9/The-Visual-Computer/tree/main}},

}
